@article{Parsing-Techniques-(lookahead),
    author = "Grune, D. and Jacobs, C.",
    title   = "An overview of parsing methods",
    journal = "\\Parsing Techniques",
    year    = "1990",
    pages   = "77-78",
    publisher = "Ellis Horwood Upper Saddle River, NJ, USA",
    note    = "\\August 2019"
}

@book{Parsing-Techniques-2,
    author  = "D. Grune, C. Jacobs",
    title   = "Parsing Techniques - Second Edition",
    year    = "2008",
    publisher = "Springer",
    note    = "\\ISBN 978-1-4419-1901-4"
}

@misc{serialization-wiki,
    title = "Wikipedia: Serialization",
    howpublished={\\\url{https://en.wikipedia.org/wiki/Serialization}},
    note = "\\July 2019"
}

% 29.07.2019 18:43
@misc{netstrings,
    author  = "Bernstein, D. J.",
    title   = "Netstrings",
    year    = "1997",
    howpublished={\\\url{https://cr.yp.to/proto/netstrings.txt}},
    note    = "\\July 2019",
    url     = "https://cr.yp.to/proto/netstrings.txt"
}

@misc{google-protobuf-overview,
    title   = "Google protobuf Developer guide",
    howpublished = {\\\url{https://developers.google.com/protocol-buffers/docs/overview}},
    note = "\\July 2019"
}

@misc{google-protobuf-encoding,
    title   = "Google protobuf - Encoding",
    howpublished = {\\\url{https://developers.google.com/protocol-buffers/docs/encoding}},
    note    = "\\July 2019"
}

@misc{BSON-overview,
    title   = "BSON (Binary JSON) - Overview",
    howpublished = {\\\url{http://bsonspec.org/}},
    note = "\\July 2019"
    }

@misc{heartbleed-site,
    title   = "Heartbleed Website",
    howpublished= {\\\url{http://heartbleed.com/}},
    note    = "\\July 2019"
}

@misc{heartbleed-wiki,
    title   = "Wikipedia: Heartbleed",
    howpublished= {\\\url{https://en.wikipedia.org/wiki/Heartbleed}},
    note    = "\\July 2019"
}

@misc{ASN.1,
    title   = "ASN.1 Specifications",
    howpublished={\\\url{https://www.itu.int/en/ITU-T/asn1/Pages/introduction.aspx}},
    note    = "\\July 2019"
}

@misc{Calc-regular-paper,
    title   = "Taming the Length FIeld in Binary Data: Calc-Regular Languages",
    author = "Grosch, Norina and Koenig, Joshua and Lucks, Stefan",
    howpublished = "2017 IEEE Security and Privacy Workshops (SPW)",
    note    = "\\July 2019"
}

@misc{Heartbeat-info,
    title   = "What is the Heartbleed bug, how does it work and how was it fixed?",
    howpublished={\\\url{https://www.csoonline.com/article/3223203/what-is-the-heartbleed-bug-how-does-it-work-and-how-was-it-fixed.html}},
    author  = "Fruhlinger, Josh",
    note    = "\\July 2019"
}

@misc{Calc-LL(1)-project,
    title   = "The Language Class Calc-LL(1) and its Applications in Parsing Variably Nested Length-Prefix Formats",
    author  = "Jannis Leuther",
    howpublished = {\\\url{https://github.com/YxJannis/Calc-LL1-project-2019}},
    note    = "\\July 2019"
}

@misc{Type-Length-Value,
    title   = "Type-length-value",
    howpublished = {\\\url{https://en.wikipedia.org/wiki/Type-length-value}},
    note    = "\\August 2019"
}

@misc{LL-Parsing,
    title   = "LL Parsing",
    howpublished = {\\\url{https://en.wikipedia.org/wiki/LL_parser}},
    note    = "\\August 2019"
}

@misc{Lookahead,
    title   = "Lookahead in parsing",
    hopublished = {\\\url{https://en.wikipedia.org/wiki/Parsing\#Lookahead}},
    note    = "\\August 2019"
}

@misc{LL-Grammar,
    title   = "LL Grammar",
    howpublished = {\\\url{https://en.wikipedia.org/wiki/LL_grammar}},
    note    = "\\August 2019"
}

@misc{Chomsky-Hierarchy,
    title   = "Chomsky Hierarchy: context-free",
    howpublished = {\\\url{https://en.wikipedia.org/wiki/Chomsky_hierarchy\#Type-2\_grammars}},
    note    = "\\August 2019"
}

@misc{google-protobuf-wire-type,
    title   = "Google Protobuf developer guide - message structure",
    howpublished = {\\\url{https://developers.google.com/protocol-buffers/docs/encoding\#structure}},
    note    = "\\August 2019"
}

@misc{google-protobuf-varints,
    title   = "Google protobuf developer guide - varints",
    howpublished = {\\\url{https://developers.google.com/protocol-buffers/docs/encoding\#varints}},
    note    = "\\August 2019"
}

@misc{PNG,
    title   = "Portable Network Graphics - Specifications",
    howpublished = {\\\url{https://www.w3.org/TR/2003/REC-PNG-20031110/}},
    note    = "\\August 2019"
}

@misc{recursive-descent-parser,
    title   = "Wikipedia - recursive descent parser",
    howpublished = {\\\url{https://en.wikipedia.org/wiki/Recursive_descent_parser}},
    note    = "\\August 2019"
}

@misc{EBNF,
    title   = "Wikipedia - Extended Backus-Naur form",
    howpublished = {\\\url{https://en.wikipedia.org/wiki/Extended_Backus\%E2\%80\%93Naur\_form}},
    note    = "\\August 2019"
}

@misc{ASCII-table,
    title   = "ASCII chart",
    howpublished = {\\\url{http://www.aboutmyip.com/AboutMyXApp/AsciiChart.jsp}},
    note    = "\\August 2019"
}